@book{solove2008,
	title={Understanding privacy},
	author={Solove, Daniel J},
	volume={173},
	year={2008},
	publisher={Harvard university press Cambridge, MA}
}

@misc{Anonymizer,
	AUTHOR = "DivanteLtd",
	TITLE = "Reposit贸rio Anonymizer",
	HOWPUBLISHED = "https://github.com/DivanteLtd/anonymizer",
	NOTE = "(Acesso em 16 de Maio de 2020)"
}

@misc{data-anon-repository,
	AUTHOR = "ThoughtWorks",
	TITLE = "Reposit贸rio Data::Anonymization",
	HOWPUBLISHED = "github.com/sunitparekh/data-anonymization/",
	NOTE = "(Acesso em 16 de Maio de 2020)"
}

@misc{arx-repository,
	AUTHOR = "arx-deidentifier",
	TITLE = "Reposit贸rio ARX - Open Source Data Anonymization Software",
	HOWPUBLISHED = "https://github.com/arx-deidentifier/arx",
	NOTE = "(Acesso em 16 de Maio de 2020)"
}

@misc{presidio,
	AUTHOR = "Microsoft",
	TITLE = "Reposit贸rio Microsoft Presidio",
	HOWPUBLISHED = "https://github.com/microsoft/presidio",
	NOTE = "(Acesso em 16 de Maio de 2020)"
}


@incollection{fuchs2015introduction,
	title={Introduction: Value and labour in the digital age},
	author={Fuchs, Christian and Fisher, Eran},
	booktitle={Reconsidering Value and Labour in the Digital Age},
	pages={3--25},
	year={2015},
	publisher={Springer}
}

@article{troncoso2019,
	title={PRIVACY \& ONLINE RIGHTS KNOWLEDGE AREA},
	author={Troncoso, Carmela},
	year={2019}
}
	